@article{RN11,
  author={Neal, Radford M.},
  title={{\emph{MCMC using Hamiltonian Dynamics}, Handbook of Markov Chain Monte Carlo,}},
  publisher={Wiley Series in Probability and Statistics, John Wiley and Sons, New York.},
  year={2011},
  publisher={Chapman \& Hall/CRC Boca Raton, FL},
  pages={113--162}
}