@article{levy2018,
      title={Generalizing Hamiltonian Monte Carlo with Neural Networks}, 
      author={Daniel Levy and Matthew D. Hoffman and Jascha Sohl-Dickstein},
      year={2018},
      eprint={1711.09268},
      archivePrefix={arXiv},
      primaryClass={stat.ML}
}
@TECHREPORT{Pasarica2003,
    author = {Cristian Pasarica and Andrew Gelman},
    title = {Adaptively scaling the Metropolis algorithm using expected squared jumped distance},
    institution = {},
    year = {2003}
}
@article{RN11,
  author={Neal, Radford M.},
  title={{\emph{MCMC using Hamiltonian Dynamics}, Handbook of Markov Chain Monte Carlo,}},
  publisher={Wiley Series in Probability and Statistics, John Wiley and Sons, New York.},
  year={2011},
  publisher={Chapman \& Hall/CRC Boca Raton, FL},
  pages={113--162}
}