@article{rosenthal2011optimal,
  title={Optimal proposal distributions and adaptive MCMC},
  author={Rosenthal, Jeffrey S},
  journal={Handbook of Markov Chain Monte Carlo},
  volume={4},
  number={10.1201},
  year={2011},
  publisher={Chapman \& Hall/CRC Boca Raton, FL}
}
@article{gelman1997weak,
	title={Weak convergence and optimal scaling of random walk Metropolis algorithms},
	author={Gelman, Andrew and Gilks, Walter R and Roberts, Gareth O},
	journal={The annals of applied probability},
	volume={7},
	number={1},
	pages={110--120},
	year={1997},
	publisher={Institute of Mathematical Statistics}
}

@article{roberts2001optimal,
	title={Optimal scaling for various Metropolis-Hastings algorithms},
	author={Roberts, Gareth O and Rosenthal, Jeffrey S and others},
	journal={Statistical science},
	volume={16},
	number={4},
	pages={351--367},
	year={2001},
	publisher={Institute of Mathematical Statistics}
}

@article{roberts1998optimal,
	title={Optimal scaling of discrete approximations to Langevin diffusions},
	author={Roberts, Gareth O and Rosenthal, Jeffrey S},
	journal={Journal of the Royal Statistical Society: Series B (Statistical Methodology)},
	volume={60},
	number={1},
	pages={255--268},
	year={1998},
	publisher={Wiley Online Library}
}

@article{haario2001adaptive,
	title={An adaptive Metropolis algorithm},
	author={Haario, Heikki and Saksman, Eero and Tamminen, Johanna and others},
	journal={Bernoulli},
	volume={7},
	number={2},
	pages={223--242},
	year={2001},
	publisher={Bernoulli Society for Mathematical Statistics and Probability}
}

@article{roberts2007coupling,
	title={Coupling and ergodicity of adaptive Markov chain Monte Carlo algorithms},
	author={Roberts, Gareth O and Rosenthal, Jeffrey S},
	journal={Journal of applied probability},
	volume={44},
	number={2},
	pages={458--475},
	year={2007},
	publisher={Cambridge University Press}
}

@article{roberts2006harris,
	title={Harris recurrence of Metropolis-within-Gibbs and trans-dimensional Markov chains},
	author={Roberts, Gareth O and Rosenthal, Jeffrey S},
	journal={The Annals of Applied Probability},
	pages={2123--2139},
	year={2006},
	publisher={JSTOR}
}
